<?xml version="1.0" encoding="UTF-8"?><collection xmlns="http://www.loc.gov/MARC21/slim"><record><leader>00528nam--2200193-i-4500</leader><controlfield tag="001">000024622</controlfield><controlfield tag="002">20161230</controlfield><controlfield tag="005">20170304145140</controlfield><controlfield tag="008">060222s1000------------r-----000-0-eng-d</controlfield><datafield ind1=" " ind2=" " tag="040"><subfield code="a">IFIN-HH</subfield></datafield><datafield ind1=" " ind2=" " tag="080"><subfield code="a">53:57</subfield></datafield><datafield ind1="1" ind2=" " tag="100"><subfield code="a">Marion, Jerry B</subfield></datafield><datafield ind1="1" ind2="0" tag="245"><subfield code="a">General physics with bioscience essays</subfield><subfield code="c">Jerry B. Marion, William F. Hornyak</subfield></datafield><datafield ind1=" " ind2=" " tag="250"><subfield code="a">Second Edition</subfield></datafield><datafield ind1=" " ind2=" " tag="260"><subfield code="a">New York</subfield><subfield code="b">John Wiley And Sons</subfield><subfield code="c">1985</subfield></datafield><datafield ind1=" " ind2=" " tag="300"><subfield code="a">XI + 581 p</subfield></datafield><datafield ind1="1" ind2=" " tag="700"><subfield code="a">Hornyak, William F</subfield></datafield><datafield ind1=" " ind2=" " tag="852"><subfield code="a">73916</subfield><subfield code="c">53</subfield></datafield><datafield ind1=" " ind2=" " tag="CAT"><subfield code="a">SYS</subfield><subfield code="c">20170304</subfield><subfield code="h">145140</subfield></datafield></record></collection>